    @online{bad,
        author = {Bad Man},
        year = {1313},
        title = {Bad Title},
        url = {http://badurl.com/},
    }
